<record><leader>00000cas a22000007a 4500</leader><controlfield tag="001">10410677</controlfield><controlfield tag="008">840214d19241942ohuwr ne      0    0eng d</controlfield><controlfield tag="009">3783</controlfield><datafield ind1=" " ind2=" " tag="010"><subfield code="a">sn 84028100 </subfield></datafield><datafield ind1=" " ind2=" " tag="040"><subfield code="a">NPY</subfield><subfield code="b">eng</subfield><subfield code="c">NPY</subfield><subfield code="d">DLC</subfield></datafield><datafield ind1="1" ind2=" " tag="029"><subfield code="a">AU@</subfield><subfield code="b">000025791539</subfield></datafield><datafield ind1=" " ind2=" " tag="042"><subfield code="a">msc</subfield></datafield><datafield ind1="0" ind2=" " tag="130"><subfield code="a">Geauga leader (Burton, Ohio : 1924)</subfield></datafield><datafield ind1="0" ind2="0" tag="245"><subfield code="a">Geauga leader.</subfield></datafield><datafield ind1=" " ind2=" " tag="260"><subfield code="a">Burton, Ohio :</subfield><subfield code="b">F.L. Olds,</subfield><subfield code="c">1924-1942.</subfield></datafield><datafield ind1=" " ind2=" " tag="300"><subfield code="a">19 v. :</subfield><subfield code="b">ill. ;</subfield><subfield code="c">56 cm.</subfield></datafield><datafield ind1=" " ind2=" " tag="310"><subfield code="a">Weekly</subfield></datafield><datafield ind1="0" ind2=" " tag="362"><subfield code="a">50 year, no. 35 (Aug. 26, 1924)-69 year, no. 47 (Nov. 24, 1942).</subfield></datafield><datafield ind1=" " ind2=" " tag="500"><subfield code="a">Publishers: F.L. Olds, 1924-June 23, 1942; Rebecca M. Olds, June 30, 1942-Nov. 10, 1942; Geauga Times-Leader, Inc., Nov. 17-24, 1942.</subfield></datafield><datafield ind1=" " ind2=" " tag="500"><subfield code="a">"Republican." Cf. Gutgesell, S.  Guide to Ohio newspapers, 1974.</subfield></datafield><datafield ind1=" " ind2=" " tag="515"><subfield code="a">58th year, no. 1-2 (Jan. 6-13, 1931) misnumbered 28th year.</subfield></datafield><datafield ind1=" " ind2=" " tag="752"><subfield code="a">United States</subfield><subfield code="b">Ohio</subfield><subfield code="c">Geauga</subfield><subfield code="d">Burton.</subfield></datafield><datafield ind1="0" ind2="0" tag="780"><subfield code="t">Geauga County leader</subfield><subfield code="w">(DLC)sn 84028099</subfield></datafield><datafield ind1="0" ind2="7" tag="785"><subfield code="t">Middlefield times (Middlefield, Ohio : 1917)</subfield><subfield code="w">(DLC)sn 84028097</subfield></datafield><datafield ind1="0" ind2="7" tag="785"><subfield code="t">Geauga times-leader (Burton, Ohio)</subfield><subfield code="w">(DLC)sn 84028101</subfield></datafield></record>